@book{dws13,
  Author = {Bauer, Andreas and Günzel, Holger},
  Title = {Data-Warehouse-Systeme: Architektur, Entwicklung, Anwendung},
  Publisher = {dpunkt.verlag},
  Year = {2013},
  ISBN = {978-3-89864-785-4},
  Edition = {4. Auflage},
}

@book{dwo11,
  Author = {Jordan, Claus and Schnider, Dani and Wehner, Joachim and Welker, Peter},
  Title = {Data Warehousing mit Oracle - Business Intelligence in der Praxis},
  Publisher = {Carl Hanser Verlag},
  Year = {2011},
  ISBN = {978-3-446-42562-0},
}

@book{dwt13,
  Author = {Kimball, Ralph and Ross, Margy},
  Title = {The Data Warehouse Toolkit - The Definitive Guide to Dimensional Modeling},
  Publisher = {John Wiley \& Sons, Inc.},
  Year = {2013},
  ISBN = {978-1-118-53080-1},
  Edition = {3th edition},
}

@book{etl04,
  Author = {Kimball, Ralph and Caserta, Joe},
  Title = {The Data Warehouse ETL Toolkit - Practical Techniques for Extracting, Cleaning, Conforming, and Delivering Data},
  Publisher = {Wiley Publishing, Inc.},
  Year = {2004},
  ISBN = {978-0-7645-6757-5},
}

@book{lct08,
  Author = {Kimball, Ralph and Ross, Margy and Thornthwaite, Warren and Mundy, Joy and Becker, Bob},
  Title = {The Data Warehouse Lifecycle Toolkit - Practical Techniques for Building Data Warehouse and Business Intelligence Systems},
  Publisher = {Wiley Publishing, Inc.},
  Year = {2008},
  Address = {10475 Crosspoint Boulevard, Indianapolis, IN 46256},
  ISBN = {978-0-470-14977-5},
  Edition = {2nd edition},
}

@book{bdw05,
  Author = {Inmon, William H.},
  Title = {Building the Data Warehouse},
  Publisher = {Wiley Publishing, Inc.},
  Year = {2005},
  Address = {10475 Crosspoint Boulevard, Indianapolis, IN 46256},
  ISBN = {978-0-7645-9944-6},
  Edition = {4th edition},
}

@book{wdq15,
  Author = {Treiblmaier, Horst},
  Title = {Datenqualität und individualisierte Kommunikation},
  Publisher = {Deutscher Universitätsverlag},
  Year = {2006},
  ISBN = {978-3-8350-9035-4},
}

@Inbook{ksd00,
  author = {Helfert, Markus},
  editor= {Jung, Reinhard and Winter, Robert},
  title={Maßnahmen und Konzepte zur Sicherung der Datenqualität},
  bookTitle={Data Warehousing Strategie: Erfahrungen, Methoden, Visionen},
  year={2000},
  publisher={Springer Berlin Heidelberg},
  pages={61--77},
  isbn={978-3-642-58350-6},
  doi={10.1007/978-3-642-58350-6_4},
  url={https://doi.org/10.1007/978-3-642-58350-6_4},
}

@phdthesis{dqd02,
  Title = {Planung und Messung der Datenqualität in Data-Warehouse-Systemen},
  Author = {Helfert, Markus},
  Year = {2002},
  School = {Universität Strassburg},
}

@phdthesis{dqm02,
  Title = {Datenqualitätsmanagement in Data Warehouse-Systemen},
  Author = {Hinrichs, Holger},
  Year = {2002},
  School = {Carl-von-Ossietzky-Universität Oldenburg},
  Url = {http://oops.uni-oldenburg.de/279/1/309.pdf},
  UrlDate = {2017-05-15},
}

@book{pdq84,
  Author = {Garvin, David A.},
  Title = {What Does "'Product Quality"' Really Mean?},
  Journal = {Sloan Management Review},
  Year = {1984},
  Publisher = {Massachusetts Institute of Technology},
}

@book{qif78,
  Author = {Csosby, Philip B.},
  Title = {Quality is Free: The Art of Making Quality Certain},
  Publisher = {Mcgraw-Hill Professional},
  Year = {1978},
  ISBN = {978-0070145122},
}

@techreport{ISO9000,
  Author = {9000:2015-11, ISO},
  Type = {Standard},
  Key = {ISO 9000:2015-11},
  Year = {2015},
  Title = {Qualitätsmanagementsysteme - Grundlagen und Begriffe},
  Institution = {International Organization for Standardization},
}

@techreport{eoda15,
  Author = {eoda GmbH},
  Title = {Whitepaper Datenqualität - Der Schlüssel für die Umwandlung von Kundendaten in Kundenwert},
  Institution = {eoda GmbH},
  Year = {2015},
  Url = {https://www.eoda.de/files/Use_Case_Seiten/Whitepaper/Whitepaper_Datenqualitaet.pdf},
  UrlDate = {2017-07-04},
}

@incollection{kah67,
  Author = {Bidlingmaier, Dr. Johannes and Jacobi, Dr. Helmut and Uherek, Dr. Edgar W.},
  Booktitle = {Absatzpolitik und Distribution},
  Title = {Entwicklungstendenzen der Waren- und Kaufhäuser},
  ISBN = {978-3-663-01041-8},
  Publisher = {Springer},
  Pages = {177--207},
  Year = {1967},
}

@book{bal09,
  Author = {Balzert, Helmut},
  Title = {Lehrbuch der Softwaretechnik: Basiskonzepte und Requirements Engineering},
  Publisher = {Spektrum},
  Year = {2009},
  ISBN = {978-3827417053},
}

@book{bal11,
  Author = {Balzert, Helmut and Balzert, Heide},
  Title = {Lehrbuch der Objektmodellierung: Analyse und Entwurf mit der UML 2},
  Publisher = {Spektrum},
  Year = {2011},
  ISBN = {978-3827429032},
}

@book{pre08,
  Title = {Entwurf und Verarbeitung relationaler Datenbanken},
  Author = {Preiß, Nikolai},
  Publisher = {Oldenburg},
  Year = {2007},
  ISBN = {978-3486583694},
}

@book{vaa16,
	Title= {Book of Vaadin},
	Author = {Grönroos, Marko},
	Year = {2016},
	Publisher = {Vaadin Ltd},
	ISBN = {978-9526835518},
}

@book{sha17,
	Title= {SharePoint 2016: Das Praxisbuch für Entwickler. Best Practices für SharePoint-Entwickler: Planung, Entwicklung, Deployment},
	Author = {Klein-Ridder, Fabian and Barnstedt, Björn},
	Year = {2017},
	Publisher = {Rheinwerk Computing},
	ISBN = {978-3836243391},
}

@book{ram9,
	Title= {Grundlagen von Datenbanksystemen},
	Author = {Elmasri, Ramez A. and Navathe, Shamkant B.},
	Year = {2009},
	Publisher = {Pearson},
	ISBN = {978-3-86894-012-1},
}